date,        Domestic,        Foreign,        Subsidies,        Transfers Abroad,        Transfers To Households,        Transfers To Local Governments,        Transfers To Nonprofit Institutions,      Acquisition of Capital Assets,      Capital Transfers,      Expen. on Goods and Services,      Interest Payments,      NFPE Special Acct＇s Capital Exp.,      NFPE Special Acct＇s Current Exp.,      Purchases of Land & Intangible Assets,      Purchases of Stocks,      Subsidies & Other Current Transfers,    Capital Expenditure,    Current Expenditure,    Income. Profits & Capital Gains,    Tax on Goods & Services(incl. V.A.T),    Taxes on Property,  Non-tax Revenue,  Social Security Contributions,  Total Expenditure,  Total Tax Revenues,Balance,Capital Revenue,Current Revenues,Net Lending(incl. Net Acquisition),Total Exp. & Net Lending,Total Revenues
2018/01,366.0,0.0,9.0,38.0,"6,468.0","14,949.0","5,693.0",188.0,794.0,"4,398.0",366.0,1.0,461.0,76.0,0.0,"27,157.0","1,060.0","32,382.0","10,128.0","20,851.0","1,113.0","7,261.0","4,804.0","33,442.0","36,560.0","15,048.0",130.0,"48,625.0",265.0,"33,706.0","48,754.0"
2018/02,561.0,0.0,65.0,158.0,"13,583.0","29,086.0","11,830.0",774.0,"3,303.0","10,467.0",561.0,7.0,715.0,235.0,0.0,"54,721.0","4,319.0","66,465.0","19,327.0","21,170.0","2,837.0","13,645.0","9,625.0","70,783.0","49,925.0",877.0,213.0,"73,195.0","1,748.0","72,531.0","73,408.0"
2018/03,"3,260.0",0.0,78.0,370.0,"20,526.0","41,307.0","18,137.0","1,973.0","5,779.0","17,612.0","3,260.0",17.0,"1,159.0",560.0,0.0,"80,419.0","8,329.0","102,449.0","41,395.0","24,267.0","4,206.0","20,172.0","15,245.0","110,779.0","78,810.0","-1,766.0",404.0,"114,228.0","5,619.0","116,397.0","114,632.0"
2018/04,"3,494.0",0.0,146.0,484.0,"26,503.0","63,163.0","24,175.0","2,484.0","7,892.0","23,076.0","3,494.0",26.0,"1,378.0",661.0,0.0,"114,470.0","11,063.0","142,417.0","49,625.0","43,625.0","5,430.0","28,881.0","21,573.0","153,480.0","109,828.0",244.0,515.0,"160,283.0","7,074.0","160,554.0","160,798.0"
2018/05,"3,694.0",0.0,211.0,665.0,"32,668.0","77,546.0","28,101.0","3,047.0","9,551.0","27,948.0","3,694.0",44.0,"1,442.0",716.0,0.0,"139,191.0","13,359.0","172,275.0","75,689.0","45,167.0","6,672.0","33,655.0","27,772.0","185,634.0","140,709.0","8,670.0",656.0,"202,136.0","8,489.0","194,123.0","202,793.0"
2018/06,"6,881.0",0.0,246.0,738.0,"39,001.0","90,888.0","32,114.0","4,892.0","11,285.0","35,767.0","6,881.0",71.0,"1,514.0","1,013.0",0.0,"162,988.0","17,261.0","207,149.0","84,905.0","49,758.0","7,917.0","39,780.0","32,985.0","224,411.0","157,186.0","-3,520.0",993.0,"229,951.0","10,053.0","234,463.0","230,943.0"
2018/07,"7,238.0",0.0,305.0,917.0,"45,384.0","103,198.0","37,055.0","5,327.0","12,282.0","40,583.0","7,238.0",86.0,"1,489.0","1,079.0",0.0,"186,859.0","18,774.0","236,169.0","93,966.0","70,712.0","9,100.0","46,684.0","38,039.0","254,943.0","190,198.0","9,220.0","1,166.0","274,921.0","11,925.0","266,868.0","276,088.0"
2018/08,"7,488.0",0.0,363.0,967.0,"51,281.0","113,876.0","39,458.0","5,762.0","13,027.0","44,801.0","7,488.0",113.0,"1,539.0","1,124.0",0.0,"205,945.0","20,026.0","259,773.0","114,371.0","70,437.0","10,275.0","51,421.0","43,587.0","279,799.0","213,217.0","15,993.0","1,241.0","308,225.0","13,674.0","293,473.0","309,467.0"
2018/09,"10,324.0",0.0,405.0,"1,098.0","58,088.0","125,028.0","41,715.0","6,473.0","13,907.0","50,624.0","10,324.0",137.0,"1,640.0","1,187.0",0.0,"226,333.0","21,703.0","288,921.0","128,217.0","74,815.0","11,256.0","55,628.0","48,638.0","310,624.0","233,691.0","14,031.0","1,652.0","337,956.0","14,954.0","325,578.0","339,609.0"
2018/10,"10,624.0",0.0,459.0,"1,171.0","63,883.0","135,831.0","44,730.0","6,871.0","15,030.0","55,129.0","10,624.0",156.0,"1,862.0","1,306.0",0.0,"246,075.0","23,364.0","313,690.0","137,087.0","93,311.0","12,160.0","61,837.0","53,962.0","337,054.0","263,410.0","28,653.0","1,907.0","379,208.0","15,409.0","352,462.0","381,115.0"
2018/11,"10,862.0",0.0,512.0,"1,283.0","69,567.0","138,418.0","46,849.0","7,509.0","16,129.0","60,056.0","10,862.0",178.0,"2,121.0","1,393.0",0.0,"256,629.0","25,209.0","329,668.0","148,397.0","95,727.0","13,295.0","67,088.0","59,520.0","354,877.0","279,901.0","37,409.0","2,129.0","406,508.0","16,352.0","371,229.0","408,637.0"
2018/12,"14,287.0",0.0,601.0,"1,438.0","76,591.0","142,055.0","51,394.0","9,826.0","17,693.0","71,459.0","14,287.0",257.0,"2,350.0","1,659.0",0.0,"272,080.0","29,434.0","360,176.0","155,399.0","99,056.0","15,473.0","77,134.0","64,854.0","389,610.0","293,570.0","31,163.0","2,703.0","435,558.0","17,489.0","407,099.0","438,262.0"
2019/01,196.0,0.0,65.0,130.0,"6,779.0","17,412.0","8,031.0",357.0,"1,772.0","5,842.0",196.0,7.0,845.0,123.0,0.0,"32,417.0","2,259.0","39,301.0","10,890.0","20,682.0",871.0,"6,719.0","5,174.0","41,559.0","37,083.0","6,893.0",124.0,"48,976.0",647.0,"42,206.0","49,100.0"
2019/02,498.0,0.0,123.0,253.0,"14,034.0","34,502.0","16,074.0","1,011.0","4,174.0","10,439.0",498.0,10.0,"1,044.0",274.0,0.0,"64,986.0","5,469.0","76,967.0","20,299.0","20,034.0","2,416.0","13,071.0","10,375.0","82,436.0","49,173.0","-11,804.0",468.0,"72,619.0","2,455.0","84,891.0","73,087.0"
2019/03,"2,775.0",0.0,173.0,327.0,"22,182.0","48,431.0","21,593.0","2,152.0","6,691.0","18,014.0","2,775.0",20.0,"1,485.0",415.0,0.0,"92,705.0","9,278.0","114,979.0","42,749.0","23,134.0","3,585.0","19,389.0","16,127.0","124,257.0","77,964.0","-17,321.0",576.0,"113,480.0","7,120.0","131,377.0","114,056.0"
2019/04,"3,116.0",0.0,238.0,578.0,"28,786.0","76,801.0","29,996.0","2,747.0","9,088.0","24,016.0","3,116.0",29.0,"1,642.0",586.0,0.0,"136,400.0","12,450.0","165,174.0","51,052.0","43,014.0","4,614.0","28,000.0","22,932.0","177,624.0","109,356.0","-25,893.0",749.0,"160,288.0","9,306.0","186,930.0","161,037.0"
2019/05,"3,366.0",0.0,308.0,815.0,"35,594.0","92,016.0","33,574.0","3,443.0","11,227.0","29,290.0","3,366.0",46.0,"1,732.0",717.0,0.0,"162,308.0","15,434.0","196,696.0","77,539.0","43,611.0","5,658.0","33,738.0","29,586.0","212,130.0","139,532.0","-19,104.0",985.0,"202,856.0","10,815.0","222,945.0","203,841.0"
2019/06,"6,773.0",0.0,377.0,903.0,"42,209.0","109,351.0","37,445.0","5,690.0","13,369.0","38,449.0","6,773.0",95.0,"2,029.0",966.0,0.0,"190,286.0","20,120.0","237,536.0","87,295.0","47,958.0","6,699.0","39,137.0","35,125.0","257,656.0","156,201.0","-38,492.0","1,529.0","230,463.0","12,828.0","270,484.0","231,992.0"
2019/07,"7,097.0",0.0,446.0,"1,138.0","49,403.0","120,396.0","42,829.0","5,943.0","14,210.0","43,896.0","7,097.0",106.0,"2,207.0","1,033.0",0.0,"214,212.0","21,293.0","267,412.0","96,367.0","69,332.0","7,802.0","45,962.0","40,496.0","288,704.0","189,356.0","-24,289.0","1,691.0","275,814.0","13,089.0","301,794.0","277,504.0"
2019/08,"7,322.0",0.0,486.0,"1,199.0","55,868.0","130,917.0","45,812.0","6,320.0","15,640.0","48,936.0","7,322.0",123.0,"2,289.0","1,125.0",0.0,"234,282.0","23,208.0","292,828.0","114,588.0","68,264.0","8,939.0","50,055.0","46,402.0","316,036.0","209,513.0","-22,340.0","1,858.0","305,970.0","14,132.0","330,168.0","307,828.0"
2019/09,"9,858.0",0.0,526.0,"1,288.0","63,270.0","142,700.0","48,531.0","7,303.0","16,940.0","54,975.0","9,858.0",134.0,"2,466.0","1,284.0",0.0,"256,314.0","25,662.0","323,613.0","126,515.0","72,631.0","9,952.0","56,021.0","51,935.0","349,275.0","228,095.0","-26,547.0","2,035.0","336,051.0","15,358.0","364,632.0","338,086.0"
2019/10,"10,094.0",0.0,609.0,"1,353.0","69,563.0","155,513.0","51,439.0","7,732.0","17,746.0","59,692.0","10,094.0",154.0,"2,698.0","1,375.0",0.0,"278,477.0","27,007.0","350,960.0","136,040.0","92,858.0","10,959.0","62,526.0","57,530.0","377,968.0","260,410.0","-11,394.0","2,163.0","380,466.0","16,056.0","394,024.0","382,629.0"
2019/11,"10,442.0",0.0,674.0,"1,493.0","75,705.0","160,840.0","53,091.0","8,369.0","19,260.0","64,888.0","10,442.0",176.0,"3,352.0","1,530.0",0.0,"291,804.0","29,335.0","370,485.0","148,397.0","93,801.0","12,293.0","67,047.0","63,618.0","399,820.0","276,595.0","-7,906.0","2,358.0","407,260.0","17,704.0","417,525.0","409,618.0"
2019/12,"13,837.0",0.0,834.0,"1,653.0","83,681.0","166,119.0","57,289.0","26,699.0","20,800.0","60,196.0","13,837.0",264.0,"3,492.0","1,835.0",0.0,"309,575.0","49,598.0","387,100.0","155,736.0","98,614.0","15,474.0","78,143.0","69,550.0","436,698.0","293,454.0","-11,997.0","2,705.0","441,148.0","19,152.0","455,850.0","443,853.0"
2020/01,182.0,0.0,8.0,177.0,"8,216.0","19,806.0","11,008.0",745.0,"1,289.0","6,109.0",182.0,5.0,697.0,205.0,0.0,"39,215.0","2,243.0","46,203.0","10,897.0","21,527.0",843.0,"6,757.0","5,618.0","48,446.0","36,470.0",306.0,158.0,"48,845.0",251.0,"48,698.0","49,003.0"
2020/02,371.0,0.0,22.0,249.0,"16,347.0","37,222.0","20,987.0","1,695.0","4,553.0","13,198.0",371.0,12.0,897.0,318.0,0.0,"74,827.0","6,577.0","89,292.0","20,939.0","18,657.0","2,193.0","14,630.0","11,304.0","95,869.0","46,758.0","-26,249.0",365.0,"72,691.0","3,436.0","99,305.0","73,056.0"
2020/03,"3,108.0",0.0,34.0,334.0,"25,249.0","55,232.0","28,328.0","3,178.0","7,779.0","22,340.0","3,108.0",47.0,"1,476.0",676.0,0.0,"109,177.0","11,680.0","136,101.0","37,590.0","21,821.0","3,517.0","22,169.0","19,117.0","147,781.0","69,510.0","-45,292.0",606.0,"110,795.0","8,912.0","156,693.0","111,402.0"
2020/04,"3,314.0",0.0,107.0,365.0,"31,963.0","72,180.0","34,446.0","3,659.0","9,283.0","27,086.0","3,314.0",155.0,"1,712.0",798.0,0.0,"139,062.0","13,895.0","171,174.0","50,505.0","37,204.0","4,699.0","29,524.0","24,702.0","185,069.0","100,664.0","-43,345.0",858.0,"154,890.0","14,025.0","199,094.0","155,748.0"
2020/05,"3,399.0",0.0,172.0,409.0,"39,590.0","99,193.0","37,843.0","4,236.0","10,603.0","32,565.0","3,399.0",175.0,"1,853.0",900.0,0.0,"177,207.0","15,915.0","215,024.0","62,722.0","38,795.0","6,097.0","34,070.0","31,519.0","230,938.0","118,221.0","-61,279.0","1,352.0","183,810.0","15,503.0","246,441.0","185,162.0"
2020/06,"7,121.0",0.0,191.0,676.0,"47,633.0","116,997.0","43,608.0","6,420.0","13,623.0","42,532.0","7,121.0",204.0,"2,325.0","1,090.0",0.0,"209,106.0","21,337.0","261,084.0","70,108.0","42,724.0","8,167.0","38,904.0","37,437.0","282,421.0","132,950.0","-89,971.0","1,464.0","209,290.0","18,304.0","300,725.0","210,754.0"
2020/07,"7,325.0",0.0,276.0,853.0,"55,748.0","127,910.0","52,055.0","6,701.0","14,436.0","46,792.0","7,325.0",222.0,"2,518.0","1,135.0",0.0,"236,842.0","22,494.0","293,478.0","79,728.0","64,606.0","10,088.0","47,899.0","43,082.0","315,972.0","168,546.0","-75,607.0","1,897.0","259,527.0","21,059.0","337,031.0","261,424.0"
2020/08,"7,533.0",0.0,318.0,983.0,"63,383.0","137,156.0","57,898.0","7,028.0","15,391.0","51,325.0","7,533.0",254.0,"2,624.0","1,184.0",0.0,"259,738.0","23,857.0","321,221.0","100,189.0","64,177.0","12,098.0","52,511.0","49,406.0","345,077.0","192,524.0","-70,888.0","2,029.0","294,440.0","22,280.0","367,357.0","296,469.0"
2020/09,"10,370.0",0.0,353.0,"1,057.0","71,746.0","147,722.0","67,655.0","7,893.0","17,048.0","58,697.0","10,370.0",304.0,"2,929.0","1,300.0",0.0,"288,533.0","26,546.0","360,529.0","115,114.0","68,035.0","14,011.0","58,215.0","55,264.0","387,075.0","214,687.0","-80,461.0","2,198.0","328,166.0","23,750.0","410,825.0","330,364.0"
2020/10,"10,685.0",0.0,503.0,"1,149.0","79,339.0","158,700.0","71,832.0","8,234.0","18,582.0","63,154.0","10,685.0",323.0,"3,345.0","1,362.0",0.0,"311,523.0","28,501.0","388,707.0","128,415.0","89,442.0","16,284.0","65,158.0","61,506.0","417,208.0","253,755.0","-58,956.0","2,380.0","380,418.0","24,546.0","441,754.0","382,798.0"
2020/11,"10,919.0",0.0,542.0,"1,195.0","86,945.0","170,385.0","74,335.0","8,765.0","19,674.0","68,685.0","10,919.0",340.0,"3,616.0","1,447.0",0.0,"333,401.0","30,226.0","416,621.0","140,502.0","88,174.0","18,128.0","70,370.0","68,095.0","446,847.0","267,798.0","-63,264.0","2,497.0","406,263.0","25,177.0","472,025.0","408,760.0"
2020/12,"14,452.0",0.0,720.0,"1,448.0","98,120.0","177,326.0","79,680.0","10,982.0","21,788.0","79,460.0","14,452.0",427.0,"3,891.0","1,670.0",0.0,"357,295.0","34,868.0","455,098.0","148,622.0","91,047.0","22,735.0","83,565.0","74,583.0","489,966.0","285,546.0","-71,153.0","2,934.0","443,694.0","27,815.0","517,781.0","446,628.0"
2021/01,71.0,0.0,4.0,248.0,"9,031.0","18,397.0","13,719.0",404.0,"2,478.0","5,687.0",71.0,2.0,608.0,102.0,0.0,"41,399.0","2,987.0","47,765.0","13,678.0","19,920.0","2,080.0","10,209.0","5,989.0","50,752.0","38,827.0","3,442.0",236.0,"55,025.0","1,067.0","51,819.0","55,261.0"
2021/02,246.0,0.0,29.0,315.0,"16,952.0","37,252.0","25,228.0","1,651.0","5,208.0","12,688.0",246.0,9.0,894.0,278.0,0.0,"79,777.0","7,146.0","93,605.0","26,636.0","21,110.0","4,352.0","22,449.0","11,817.0","100,751.0","57,791.0","-12,694.0",460.0,"92,058.0","4,461.0","105,212.0","92,518.0"
2021/03,"3,592.0",0.0,41.0,399.0,"26,502.0","53,854.0","41,736.0","3,157.0","8,923.0","23,009.0","3,592.0",26.0,"1,406.0",554.0,0.0,"122,533.0","12,660.0","150,539.0","48,796.0","24,966.0","6,423.0","34,505.0","20,158.0","163,199.0","88,476.0","-30,104.0",856.0,"143,140.0","10,901.0","174,100.0","143,996.0"
2021/04,"3,748.0",0.0,112.0,718.0,"34,306.0","72,553.0","52,413.0","3,820.0","11,112.0","28,190.0","3,748.0",44.0,"1,557.0",631.0,0.0,"160,101.0","15,608.0","193,596.0","66,599.0","45,440.0","10,278.0","45,989.0","26,195.0","209,204.0","133,399.0","-16,347.0","1,137.0","205,583.0","13,862.0","223,066.0","206,719.0"
2021/05,"3,917.0",0.0,184.0,934.0,"42,794.0","90,493.0","57,714.0","4,451.0","13,913.0","34,478.0","3,917.0",69.0,"1,665.0",794.0,0.0,"192,120.0","19,227.0","232,179.0","89,553.0","46,516.0","12,224.0","51,328.0","33,381.0","251,407.0","161,773.0","-20,477.0","1,277.0","246,483.0","16,829.0","268,236.0","247,759.0"
2021/06,"7,559.0",0.0,221.0,"1,024.0","51,505.0","112,093.0","63,859.0","6,452.0","16,557.0","46,180.0","7,559.0",87.0,"2,054.0","1,081.0",0.0,"228,702.0","24,177.0","284,495.0","99,949.0","51,131.0","14,966.0","58,867.0","39,689.0","308,672.0","181,748.0","-47,188.0","1,499.0","280,304.0","20,318.0","328,990.0","281,802.0"
2021/07,"7,716.0",0.0,281.0,"1,248.0","60,086.0","123,268.0","66,859.0","6,718.0","17,261.0","50,598.0","7,716.0",102.0,"2,190.0","1,142.0",0.0,"251,742.0","25,222.0","312,246.0","113,037.0","75,397.0","17,048.0","66,399.0","45,708.0","337,468.0","223,666.0","-20,709.0","1,630.0","335,772.0","20,644.0","358,112.0","337,403.0"
2021/08,"7,913.0",0.0,317.0,"1,362.0","68,832.0","144,843.0","75,273.0","7,094.0","17,969.0","55,372.0","7,913.0",116.0,"2,222.0","1,230.0",0.0,"290,628.0","26,409.0","356,134.0","134,065.0","74,396.0","19,312.0","73,223.0","52,285.0","382,543.0","248,249.0","-29,802.0","1,757.0","373,757.0","22,773.0","405,316.0","375,514.0"
2021/09,"11,518.0",0.0,353.0,"1,422.0","77,931.0","159,248.0","78,321.0","7,993.0","18,989.0","63,602.0","11,518.0",135.0,"2,746.0","1,282.0",0.0,"317,274.0","28,400.0","395,140.0","152,043.0","78,956.0","21,132.0","82,763.0","58,454.0","423,540.0","274,513.0","-29,648.0","1,922.0","415,730.0","23,760.0","447,300.0","417,651.0"
2021/10,"11,590.0",0.0,386.0,"1,641.0","86,508.0","172,865.0","83,903.0","8,397.0","19,869.0","68,029.0","11,590.0",170.0,"2,778.0","1,339.0",0.0,"345,304.0","29,775.0","427,701.0","163,596.0","96,893.0","22,855.0","88,590.0","64,745.0","457,475.0","307,411.0","-19,317.0","2,067.0","460,747.0","24,656.0","482,131.0","462,814.0"
2021/11,"11,859.0",0.0,538.0,"1,712.0","95,077.0","185,503.0","87,446.0","8,915.0","20,726.0","73,872.0","11,859.0",201.0,"3,036.0","1,487.0",0.0,"370,277.0","31,330.0","459,044.0","175,421.0","97,096.0","24,975.0","97,387.0","71,511.0","490,373.0","323,381.0","-22,366.0","2,215.0","492,279.0","26,487.0","516,860.0","494,494.0"
2021/12,"15,431.0",0.0,780.0,"1,865.0","105,825.0","192,012.0","95,344.0","11,202.0","22,515.0","88,144.0","15,431.0",287.0,"2,790.0","1,839.0",0.0,"395,826.0","35,842.0","502,191.0","184,509.0","99,840.0","31,392.0","112,818.0","78,104.0","538,034.0","344,078.0","-30,494.0","2,620.0","534,999.0","30,079.0","568,113.0","537,619.0"
2022/01,73.0,0.0,22.0,139.0,"9,098.0","22,740.0","10,268.0",318.0,566.0,"6,450.0",73.0,8.0,656.0,504.0,0.0,"42,268.0","1,396.0","49,448.0","16,081.0","27,258.0","1,767.0","7,294.0","6,149.0","50,844.0","49,651.0","8,993.0",308.0,"63,094.0","3,564.0","54,408.0","63,401.0"
2022/02,351.0,0.0,53.0,382.0,"18,009.0","41,838.0","32,841.0","1,093.0","2,602.0","11,882.0",351.0,14.0,816.0,620.0,0.0,"93,123.0","4,330.0","106,172.0","34,545.0","24,580.0","3,567.0","18,875.0","12,381.0","110,501.0","69,976.0","-15,069.0",534.0,"101,231.0","6,333.0","116,835.0","101,765.0"
2022/03,"4,239.0",0.0,174.0,540.0,"30,288.0","64,238.0","49,075.0","2,888.0","7,968.0","22,573.0","4,239.0",22.0,"1,464.0",832.0,0.0,"144,316.0","11,711.0","172,592.0","66,352.0","28,602.0","5,585.0","30,195.0","21,143.0","184,303.0","111,070.0","-33,145.0",732.0,"162,408.0","11,982.0","196,285.0","163,140.0"
2022/04,"4,424.0",0.0,223.0,789.0,"39,001.0","96,780.0","57,389.0","3,384.0","9,853.0","29,001.0","4,424.0",47.0,"1,546.0","1,161.0",0.0,"194,182.0","14,443.0","229,153.0","95,972.0","49,140.0","9,405.0","39,689.0","27,509.0","243,597.0","167,904.0","-21,317.0","1,209.0","235,101.0","14,031.0","257,627.0","236,310.0"
2022/05,"4,633.0",0.0,340.0,"1,004.0","48,743.0","117,715.0","86,578.0","4,039.0","12,351.0","35,165.0","4,633.0",60.0,"1,656.0","1,272.0",0.0,"254,381.0","17,722.0","295,835.0","121,640.0","48,152.0","11,177.0","48,007.0","35,480.0","313,556.0","196,598.0","-48,889.0","1,371.0","280,085.0","16,790.0","330,346.0","281,457.0"
2022/06,"8,572.0",0.0,385.0,"1,098.0","57,252.0","138,681.0","97,681.0","5,627.0","15,207.0","45,293.0","8,572.0",75.0,"1,880.0","1,515.0",0.0,"295,097.0","22,425.0","350,842.0","133,076.0","52,813.0","14,296.0","56,630.0","42,205.0","373,267.0","218,263.0","-75,011.0","1,688.0","317,098.0","20,530.0","393,796.0","318,786.0"
2022/07,"8,693.0",0.0,465.0,"1,149.0","66,347.0","153,084.0","102,740.0","6,004.0","15,960.0","51,908.0","8,693.0",107.0,"2,069.0","1,560.0",0.0,"323,784.0","23,630.0","386,454.0","146,250.0","78,112.0","16,196.0","64,986.0","48,578.0","410,084.0","260,982.0","-56,339.0","1,845.0","374,546.0","22,647.0","432,731.0","376,392.0"
2022/08,"9,102.0",0.0,511.0,"1,433.0","74,985.0","169,191.0","106,403.0","6,425.0","16,673.0","57,099.0","9,102.0",163.0,"2,166.0","1,649.0",0.0,"352,523.0","24,909.0","420,889.0","173,636.0","75,165.0","17,870.0","71,541.0","55,756.0","445,799.0","289,270.0","-50,639.0","2,048.0","416,567.0","23,455.0","469,254.0","418,615.0"
2022/09,"13,645.0",0.0,528.0,"1,578.0","83,925.0","185,254.0","109,853.0","7,166.0","17,770.0","63,977.0","13,645.0",183.0,"2,517.0","1,730.0",0.0,"381,138.0","26,849.0","461,276.0","194,469.0","79,551.0","19,217.0","78,580.0","62,459.0","488,125.0","317,596.0","-52,719.0","2,294.0","458,636.0","25,523.0","513,649.0","460,929.0"
2022/10,"13,958.0",0.0,783.0,"1,653.0","93,399.0","204,111.0","113,852.0","7,705.0","19,364.0","69,488.0","13,958.0",208.0,"2,787.0","1,839.0",0.0,"413,798.0","29,116.0","500,031.0","208,342.0","100,618.0","20,562.0","85,976.0","69,240.0","529,147.0","355,647.0","-43,058.0","2,549.0","510,863.0","27,322.0","556,470.0","513,411.0"
2022/11,"14,341.0",0.0,798.0,"1,751.0","104,067.0","220,536.0","115,799.0","8,282.0","20,692.0","75,444.0","14,341.0",234.0,"2,938.0","1,943.0",0.0,"442,952.0","31,151.0","535,674.0","222,988.0","100,636.0","22,234.0","92,230.0","76,476.0","566,825.0","373,615.0","-50,848.0","2,653.0","542,321.0","28,998.0","595,823.0","544,975.0"
2022/12,"18,481.0",0.0,"1,081.0","1,877.0","117,077.0","231,224.0","122,402.0","11,083.0","23,585.0","89,759.0","18,481.0",333.0,"3,692.0","2,403.0",0.0,"473,661.0","37,404.0","585,593.0","232,319.0","105,828.0","27,696.0","105,941.0","83,444.0","622,997.0","395,939.0","-64,571.0","3,007.0","585,325.0","29,905.0","652,902.0","588,332.0"
2023/01,283.0,0.0,118.0,192.0,"9,852.0","20,295.0","8,503.0",208.0,595.0,"6,442.0",283.0,3.0,737.0,228.0,0.0,"38,961.0","1,033.0","46,422.0","14,514.0","23,502.0","1,078.0","10,109.0","6,545.0","47,455.0","42,881.0","10,278.0",157.0,"59,535.0","1,959.0","49,414.0","59,692.0"
2023/02,552.0,0.0,202.0,414.0,"19,386.0","45,144.0","20,999.0",896.0,"3,098.0","12,559.0",552.0,12.0,"1,090.0",561.0,0.0,"86,144.0","4,567.0","100,345.0","27,836.0","18,153.0","2,534.0","18,725.0","13,227.0","104,912.0","54,242.0","-24,574.0",341.0,"86,193.0","6,197.0","111,109.0","86,534.0"
2023/03,"5,562.0",0.0,254.0,710.0,"30,955.0","64,186.0","30,913.0","2,918.0","6,662.0","23,724.0","5,562.0",29.0,"1,910.0","1,050.0",0.0,"127,019.0","10,660.0","158,214.0","52,474.0","22,360.0","4,327.0","28,956.0","22,863.0","168,874.0","87,076.0","-41,425.0",535.0,"138,894.0","11,980.0","180,854.0","139,429.0"
2023/04,"5,700.0",0.0,336.0,764.0,"39,742.0","82,668.0","40,510.0","3,430.0","8,992.0","29,033.0","5,700.0",38.0,"2,068.0","1,587.0",0.0,"164,021.0","14,047.0","200,822.0","71,271.0","44,404.0","8,064.0","38,023.0","29,605.0","214,869.0","133,985.0","-28,984.0","1,162.0","201,613.0","16,890.0","231,759.0","202,775.0"
2023/05,"6,083.0",0.0,443.0,971.0,"48,865.0","99,358.0","46,821.0","4,146.0","11,365.0","35,322.0","6,083.0",54.0,"2,224.0","1,685.0",0.0,"196,456.0","17,250.0","240,084.0","94,788.0","43,406.0","9,671.0","45,610.0","38,201.0","257,334.0","160,174.0","-30,789.0","1,445.0","243,985.0","18,884.0","276,218.0","245,430.0"
2023/06,"10,745.0",0.0,576.0,"1,070.0","58,026.0","120,375.0","53,843.0","6,223.0","15,080.0","47,094.0","10,745.0",74.0,"2,422.0","2,033.0",0.0,"233,890.0","23,410.0","294,152.0","104,654.0","47,117.0","12,553.0","56,856.0","45,306.0","317,561.0","178,545.0","-55,444.0","1,607.0","280,707.0","20,198.0","337,759.0","282,315.0"
2023/07,"11,032.0",0.0,598.0,"1,278.0","67,751.0","136,622.0","57,724.0","6,615.0","15,960.0","52,039.0","11,032.0",92.0,"2,621.0","2,115.0",0.0,"263,973.0","24,780.0","329,664.0","116,431.0","70,886.0","14,230.0","65,291.0","52,090.0","354,445.0","217,604.0","-37,887.0","1,926.0","334,984.0","20,353.0","374,798.0","336,911.0"
2023/08,"11,350.0",0.0,693.0,"1,359.0","76,824.0","150,287.0","59,763.0","7,094.0","16,611.0","57,196.0","11,350.0",109.0,"2,780.0","2,178.0",0.0,"288,926.0","25,992.0","360,251.0","139,493.0","67,718.0","16,194.0","72,536.0","59,703.0","386,244.0","241,625.0","-31,325.0","2,086.0","373,865.0","21,033.0","407,276.0","375,951.0"
2023/09,"16,911.0",0.0,743.0,"1,486.0","86,443.0","161,579.0","62,434.0","8,081.0","17,381.0","64,888.0","16,911.0",137.0,"3,195.0","2,349.0",0.0,"312,684.0","27,948.0","397,678.0","156,488.0","72,304.0","17,783.0","79,762.0","66,625.0","425,626.0","266,647.0","-31,154.0","2,543.0","413,034.0","21,106.0","446,732.0","415,578.0"
2023/10,"17,211.0",0.0,808.0,"1,537.0","97,664.0","172,446.0","65,686.0","8,462.0","18,535.0","70,183.0","17,211.0",152.0,"3,518.0","2,407.0",0.0,"338,141.0","29,556.0","429,052.0","170,045.0","94,236.0","19,185.0","86,238.0","73,914.0","458,608.0","305,225.0","-10,444.0","2,785.0","465,378.0","19,999.0","478,607.0","468,163.0"
2023/11,"17,501.0",0.0,"1,207.0","1,675.0","108,910.0","192,105.0","68,458.0","9,154.0","19,902.0","76,318.0","17,501.0",179.0,"4,041.0","2,453.0",0.0,"372,353.0","31,689.0","470,213.0","185,852.0","93,939.0","20,711.0","92,470.0","81,617.0","501,903.0","324,238.0","-19,455.0","3,137.0","498,325.0","19,014.0","520,917.0","501,462.0"
2023/12,"22,362.0",0.0,"1,676.0","1,999.0","124,321.0","201,844.0","75,893.0","11,675.0","21,367.0","90,389.0","22,362.0",295.0,"4,785.0","3,100.0",0.0,"405,733.0","36,437.0","523,270.0","196,253.0","97,008.0","25,311.0","106,898.0","88,918.0","559,707.0","344,071.0","-36,768.0","3,700.0","539,887.0","20,647.0","580,354.0","543,586.0"
2024/01,348.0,0.0,61.0,170.0,"11,291.0","23,025.0","8,691.0",317.0,"1,423.0","6,564.0",348.0,1.0,"1,121.0",137.0,0.0,"43,237.0","1,878.0","51,271.0","14,933.0","25,804.0","1,304.0","11,505.0","7,048.0","53,149.0","45,926.0","11,237.0",201.0,"64,479.0",294.0,"53,443.0","64,680.0"
2024/02,614.0,0.0,171.0,468.0,"20,959.0","45,587.0","25,439.0","1,144.0","5,311.0","13,262.0",614.0,9.0,"1,593.0",733.0,0.0,"92,625.0","7,198.0","108,094.0","27,581.0","21,785.0","2,762.0","19,992.0","14,122.0","115,291.0","58,018.0","-29,902.0",349.0,"92,133.0","7,092.0","122,383.0","92,482.0"
2024/03,"6,602.0",0.0,234.0,790.0,"33,625.0","70,120.0","34,938.0","3,061.0","11,241.0","24,824.0","6,602.0",30.0,"2,467.0","1,198.0",0.0,"139,707.0","15,530.0","173,601.0","46,250.0","26,038.0","4,278.0","31,187.0","21,682.0","189,131.0","84,871.0","-64,741.0",593.0,"137,740.0","13,943.0","203,074.0","138,333.0"
2024/04,"7,027.0",0.0,358.0,"1,030.0","44,155.0","88,669.0","39,562.0","4,235.0","12,239.0","30,881.0","7,027.0",49.0,"2,713.0","1,341.0",0.0,"173,774.0","17,864.0","214,396.0","58,128.0","48,538.0","8,032.0","42,682.0","31,425.0","232,260.0","125,575.0","-47,082.0",832.0,"199,681.0","15,336.0","247,595.0","200,514.0"
2024/05,"7,335.0",0.0,512.0,"1,619.0","55,492.0","106,219.0","47,109.0","5,020.0","13,677.0","37,573.0","7,335.0",64.0,"2,959.0","1,525.0",0.0,"210,951.0","20,287.0","258,818.0","79,812.0","48,581.0","9,381.0","50,605.0","40,166.0","279,105.0","151,048.0","-52,157.0","1,083.0","241,819.0","15,954.0","295,059.0","242,902.0"
2024/06,"12,578.0",0.0,592.0,"1,741.0","65,139.0","123,629.0","55,187.0","7,184.0","16,778.0","48,423.0","12,578.0",116.0,"3,455.0","1,792.0",0.0,"246,289.0","25,869.0","310,746.0","88,787.0","52,577.0","11,809.0","60,076.0","47,526.0","336,615.0","168,557.0","-75,970.0","2,090.0","276,159.0","17,604.0","354,219.0","278,250.0"
2024/07,"12,989.0",0.0,653.0,"1,827.0","75,687.0","137,438.0","58,593.0","7,824.0","17,161.0","53,716.0","12,989.0",142.0,"3,567.0","1,876.0",0.0,"274,198.0","27,003.0","344,471.0","101,094.0","76,977.0","13,388.0","70,583.0","54,740.0","371,474.0","208,818.0","-52,343.0","2,317.0","334,141.0","17,327.0","388,801.0","336,459.0"
2024/08,"13,263.0",0.0,746.0,"1,951.0","85,848.0","151,101.0","61,636.0","8,416.0","18,004.0","59,421.0","13,263.0",175.0,"3,689.0","1,976.0",0.0,"301,281.0","28,571.0","377,654.0","122,608.0","74,650.0","15,484.0","76,526.0","62,599.0","406,225.0","232,212.0","-50,354.0","2,508.0","371,337.0","17,974.0","424,198.0","373,845.0"
2024/09,"20,145.0",0.0,"1,181.0","2,028.0","96,790.0","163,730.0","63,359.0","9,451.0","18,767.0","67,230.0","20,145.0",207.0,"4,155.0","2,140.0",0.0,"327,087.0","30,564.0","418,616.0","139,483.0","77,863.0","16,946.0","85,502.0","69,911.0","449,180.0","255,299.0","-52,888.0","2,811.0","410,711.0","17,230.0","466,410.0","413,522.0"
2024/10,"20,414.0",0.0,"1,226.0","2,136.0","106,488.0","176,627.0","66,267.0","10,076.0","19,639.0","73,251.0","20,414.0",231.0,"4,528.0","2,211.0",0.0,"352,743.0","32,158.0","450,936.0","152,343.0","100,193.0","18,276.0","96,419.0","77,303.0","483,094.0","293,567.0","-30,464.0","3,035.0","467,288.0","17,693.0","500,788.0","470,323.0"
2024/11,"20,675.0",0.0,"1,402.0","2,266.0","118,120.0","190,754.0","69,207.0","10,838.0","20,816.0","79,353.0","20,675.0",265.0,"4,984.0","2,331.0",0.0,"381,749.0","34,251.0","486,761.0","169,447.0","101,325.0","20,225.0","106,621.0","85,187.0","521,012.0","315,719.0","-28,180.0","3,465.0","507,526.0","18,159.0","539,172.0","510,991.0"
2024/12,"26,310.0",0.0,"2,160.0","2,597.0","134,116.0","202,801.0","75,969.0","12,212.0","21,815.0","93,217.0","26,310.0",383.0,"5,688.0","2,845.0",0.0,"417,643.0","37,254.0","542,859.0","179,929.0","105,610.0","24,243.0","126,787.0","92,802.0","580,113.0","336,532.0","-43,521.0","3,966.0","556,122.0","23,496.0","603,609.0","560,088.0"
2025/01,216.0,0.0,106.0,309.0,"11,334.0","21,043.0","8,257.0",391.0,772.0,"7,070.0",216.0,5.0,875.0,364.0,0.0,"41,048.0","1,532.0","49,209.0","16,287.0","25,129.0","1,174.0","10,086.0","7,092.0","50,741.0","46,622.0","13,536.0",379.0,"63,800.0",-98.0,"50,642.0","64,178.0"
2025/02,482.0,0.0,216.0,739.0,"21,779.0","44,111.0","21,347.0","1,419.0","4,098.0","13,676.0",482.0,17.0,"1,795.0",945.0,0.0,"88,193.0","6,479.0","104,146.0","30,951.0","21,268.0","2,684.0","21,881.0","14,477.0","110,625.0","60,968.0","-13,675.0",608.0,"97,326.0",983.0,"111,608.0","97,934.0"
2025/03,"7,764.0",0.0,343.0,"1,071.0","33,485.0","73,019.0","35,879.0","3,832.0","9,885.0","24,766.0","7,764.0",33.0,"2,692.0","1,297.0",0.0,"143,798.0","15,047.0","179,019.0","55,563.0","24,803.0","4,215.0","32,857.0","24,558.0","194,066.0","93,294.0","-50,034.0",751.0,"150,709.0","7,427.0","201,493.0","151,460.0"
2025/04,"8,029.0",0.0,417.0,"1,163.0","44,852.0","92,465.0","44,472.0","4,706.0","11,369.0","31,369.0","8,029.0",51.0,"2,980.0","1,448.0",0.0,"183,369.0","17,575.0","225,747.0","74,597.0","48,243.0","7,767.0","44,510.0","31,983.0","243,323.0","142,209.0","-31,238.0","1,032.0","218,702.0","7,649.0","250,971.0","219,734.0"
2025/05,"8,287.0",0.0,453.0,"1,457.0","56,065.0","110,599.0","52,085.0","5,829.0","14,099.0","37,974.0","8,287.0",81.0,"3,187.0","1,605.0",0.0,"220,659.0","21,615.0","270,107.0","100,457.0","48,710.0","9,009.0","50,797.0","41,003.0","291,722.0","172,349.0","-35,502.0","1,292.0","264,149.0","9,222.0","300,943.0","265,441.0"
2025/06,"14,008.0",0.0,625.0,"1,591.0","68,714.0","132,182.0","62,334.0","6,612.0","18,220.0","50,987.0","14,008.0",140.0,"3,428.0","1,847.0",0.0,"265,445.0","26,818.0","333,868.0","110,289.0","51,793.0","11,729.0","63,248.0","48,611.0","360,686.0","190,007.0","-68,595.0","1,489.0","301,866.0","11,264.0","371,950.0","303,355.0"
2025/07,"14,301.0",0.0,693.0,"1,648.0","81,733.0","157,115.0","66,820.0","7,150.0","18,859.0","56,759.0","14,301.0",164.0,"3,616.0","2,007.0",0.0,"308,009.0","28,180.0","382,685.0","124,578.0","76,037.0","13,384.0","74,472.0","56,034.0","410,865.0","232,629.0","-57,488.0","1,795.0","363,135.0","11,554.0","422,419.0","364,930.0"
2025/08,"14,514.0",0.0,744.0,"1,825.0","92,398.0","175,962.0","68,927.0","7,635.0","19,620.0","62,499.0","14,514.0",192.0,"3,827.0","2,067.0",0.0,"339,855.0","29,514.0","420,695.0","150,065.0","74,354.0","15,172.0","82,697.0","64,088.0","450,209.0","260,808.0","-53,733.0","2,003.0","407,593.0","13,121.0","463,330.0","409,596.0"
2025/09,"22,650.0",0.0,813.0,"2,123.0","104,893.0","195,003.0","73,205.0","8,417.0","20,351.0","71,280.0","22,650.0",223.0,"4,409.0","2,131.0",0.0,"376,037.0","31,122.0","474,376.0","171,110.0","78,697.0","16,666.0","92,305.0","71,724.0","505,499.0","289,601.0","-63,485.0","2,180.0","453,630.0","13,797.0","519,295.0","455,810.0"
2025/10,"22,912.0",0.0,"1,625.0","2,207.0","117,114.0","210,889.0","75,524.0","9,077.0","20,941.0","76,018.0","22,912.0",248.0,"4,933.0","2,183.0",0.0,"407,360.0","32,449.0","511,223.0","185,618.0","101,860.0","18,053.0","100,600.0","79,350.0","543,672.0","330,697.0","-43,978.0","2,433.0","510,647.0","13,387.0","557,058.0","513,080.0"
